<record><leader>00000cas a22000007a 4500</leader><controlfield tag="001">1642217</controlfield><controlfield tag="008">750921c19369999nduwr ne      0    0eng d</controlfield><controlfield tag="009">501</controlfield><datafield ind1=" " ind2=" " tag="010"><subfield code="a">sn 89074116 </subfield></datafield><datafield ind1=" " ind2=" " tag="040"><subfield code="a">MUL</subfield><subfield code="b">eng</subfield><subfield code="c">MUL</subfield><subfield code="d">NOP</subfield></datafield><datafield ind1="1" ind2=" " tag="029"><subfield code="a">AU@</subfield><subfield code="b">000025871587</subfield></datafield><datafield ind1=" " ind2=" " tag="042"><subfield code="a">msc</subfield></datafield><datafield ind1="0" ind2="0" tag="245"><subfield code="a">Golden Valley news.</subfield></datafield><datafield ind1=" " ind2=" " tag="260"><subfield code="a">Beach, N.D. :</subfield><subfield code="b">D.A. Wallace, W.R. Bratton, and H.E. Enderle,</subfield></datafield><datafield ind1=" " ind2=" " tag="300"><subfield code="a">v. :</subfield><subfield code="b">ill. ;</subfield><subfield code="c">56 cm.</subfield></datafield><datafield ind1=" " ind2=" " tag="310"><subfield code="a">Weekly</subfield></datafield><datafield ind1="0" ind2=" " tag="362"><subfield code="a">Vol. 1, no. 1 (Oct. 8, 1936)-</subfield></datafield><datafield ind1=" " ind2=" " tag="515"><subfield code="a">Oct. 8, 1936-Sept. 30, 1937 also bear numbering of The Beach advance, vol. 28, no. 23-v. 29, no. 20, and The Beach review and the Sentinel Butte review, vol. 6, no. 4-v.6, no. 45.</subfield></datafield><datafield ind1=" " ind2=" " tag="530"><subfield code="a">Available on microfilm from the State Historical Society of North Dakota.</subfield></datafield><datafield ind1=" " ind2=" " tag="752"><subfield code="a">United States</subfield><subfield code="b">North Dakota</subfield><subfield code="c">Golden Valley</subfield><subfield code="d">Beach.</subfield></datafield><datafield ind1="0" ind2="4" tag="780"><subfield code="t">Beach advance</subfield><subfield code="w">(DLC)sn 89074114</subfield></datafield><datafield ind1="0" ind2="4" tag="780"><subfield code="t">Beach review and the Sentinel Butte review</subfield><subfield code="w">(DLC)sn 89074115</subfield></datafield></record>